%    1. References
%    [1] C. Risen, “Underwater Drones, Mars Rover Parts, and a High-Tech Revival.” New York Times, vol. CLXIX, no. 58,528, pp. MB-1, December 1, 2019, https://www.nytimes.com/2019/11/28/nyregion/tech-manufacturing-nyc.html?searchResultPosition=27 (accessed April 2, 2020).
%    [2] L. Greenemeier, “Bloom With a View: Robot Subs Help Researchers Study Mysterious Antarctic Sea Life [Slide Show].” Scientific American, [online], February 25, 2011, https://www.scientificamerican.com/article/antarctica-seaglider-phytoplankton-study/ (accessed April 1, 2020).
%    [3] C. Davenport, “Drone warfare heads under the seas as U.S. seeks advantage over rivals.” Washington Post, [online], November 24, 2016, https://www.washingtonpost.com/business/economy/drone-warfare-heads-under-the-seas-as-us-seeks-advantage-over-rivals/2016/11/24/9f756572-9c61-11e6-b3c9-f662adaa0048_story.html (accessed March 30, 2020).
%    [4] S. Frizell, “The Navy’s New Drone Looks Just like a Shark.” Time, [online], December 17, 2014, https://time.com/3637422/navy-drone-shark-ghost-swimmer/ (accessed April 1, 2020).
%    [5] “Submarine-launched Drone Platoons will soon be emerging from the sea.” The Economist, June 22, 2019, https://www.economist.com/science-and-technology/2019/06/22/submarine-launched-drone-platoons-will-soon-be-emerging-from-the-sea  (accessed March 29, 2020).
%    [6] T. Hiller, A. Steingrimsson and R. Melvin, "Expanding the small AUV mission envelope; longer, deeper & more accurate," 2012 IEEE/OES Autonomous Underwater Vehicles (AUV), Southampton, 2012, pp. 1-4.
%    [7] Yicun Xu, Guanghua Zong, Shusheng Bi and Jun Gao, "Initial development of a flapping propelled unmanned underwater vehicle (UUV)," 2007 IEEE International Conference on Robotics and Biomimetics (ROBIO), Sanya, 2007, pp. 524-529.
%    [8] J. D. Geder, R. Ramamurti, M. Pruessner and J. Palmisano, "Maneuvering performance of a four-fin bio-inspired UUV," 2013 OCEANS - San Diego, San Diego, CA, 2013, pp. 1-7.
%    [9] J. L. Tangorra, S. N. Davidson, P. G. Madden, G. V. Lauder and I. W. Hunter, "A Biorobotic Pectoral Fin for Autonomous Undersea Vehicles," 2006 International Conference of the IEEE Engineering in Medicine and Biology Society, New York, NY, 2006, pp. 2726-2729.
%    [10] M. W. Westneat, D. H. Thorsen, J. A. Walker and M. E. Hale, "Structure, function, and neural control of pectoral fins in fishes," in IEEE Journal of Oceanic Engineering, vol. 29, no. 3, pp. 674-683, July 2004.
%    [11] G. V. Lauder and E. G. Drucker, "Morphology and experimental hydrodynamics of fish fin control surfaces," in IEEE Journal of Oceanic Engineering, vol. 29, no. 3, pp. 556-571, July 2004.
%    [12] R. Taubert, M. Eichhorn, C. Ament, M. Jacobi, D. Karimanzira and T. Pfuetzenreuter, "Model identification and controller parameter optimization for an autopilot design for autonomous underwater vehicles," OCEANS 2014 - TAIPEI, Taipei, 2014, pp. 1-9. 
%    [13] “Parallax Product Catalog,” Parallax Inc., Rocklin, CA, 2013.
%    [14] Berenice, “Splash in the ocean: the US Navy's UUV investment,” Naval Technology, 28-Sep-2018. [Online]. Available:   https://www.naval-technology.com/features/splash-ocean-us-navys-uuv-investment/. Accessed: 20-Apr-2020.
%    [15] R. O'Rourke, “Navy Large Unmanned Surface and Undersea Vehicles: Background and Issues for Congress,” CRS Reports, 30-Mar-2020. [Online]. Available: https://crsreports.congress.gov/. Accessed: 20-Apr-2020.
